<record><leader>00000cas a22000007a 4500</leader><controlfield tag="001">13161606</controlfield><controlfield tag="008">860217d18831888idudn ne      0    0eng d</controlfield><datafield ind1=" " ind2=" " tag="010"><subfield code="a">sn 86091175 </subfield></datafield><datafield ind1=" " ind2=" " tag="040"><subfield code="a">UNP</subfield><subfield code="b">eng</subfield><subfield code="c">UNP</subfield><subfield code="d">DLC</subfield><subfield code="d">NVB</subfield><subfield code="d">CNK</subfield><subfield code="d">OCLCQ</subfield><subfield code="d">OCLCF</subfield><subfield code="d">OCLCO</subfield></datafield><datafield ind1="1" ind2=" " tag="029"><subfield code="a">AU@</subfield><subfield code="b">000025796842</subfield></datafield><datafield ind1=" " ind2=" " tag="042"><subfield code="a">msc</subfield></datafield><datafield ind1=" " ind2="4" tag="050"><subfield code="a">AN2.I2</subfield><subfield code="b">W663</subfield></datafield><datafield ind1="0" ind2="0" tag="245"><subfield code="a">Wood River daily news-miner.</subfield></datafield><datafield ind1="3" ind2="0" tag="246"><subfield code="a">Wood River daily news miner</subfield></datafield><datafield ind1="1" ind2="7" tag="246"><subfield code="a">Wood River news-miner.</subfield></datafield><datafield ind1=" " ind2=" " tag="260"><subfield code="a">Hailey, Alturas County, Idaho :</subfield><subfield code="b">C.H. Clay &amp; D.H. Gray,</subfield><subfield code="c">1883-1888.</subfield></datafield><datafield ind1=" " ind2=" " tag="300"><subfield code="a">v. :</subfield><subfield code="b">ill.</subfield></datafield><datafield ind1=" " ind2=" " tag="310"><subfield code="a">Daily (except Mon.)</subfield></datafield><datafield ind1="0" ind2=" " tag="362"><subfield code="a">Vol. 1, no. 55 (June 5, 1883)-v. 12, no. 51 (Nov. 29, 1888).</subfield></datafield><datafield ind1=" " ind2=" " tag="580"><subfield code="a">Weekly eds.: Wood River news-miner (Hailey, Idaho : Weekly), June 5, 1883-Nov. 29. 1888, and: Wood River weekly news-miner, May 5-Dec. 1, 1888.</subfield></datafield><datafield ind1=" " ind2="0" tag="651"><subfield code="a">Hailey (Idaho)</subfield><subfield code="v">Newspapers.</subfield></datafield><datafield ind1=" " ind2="7" tag="655"><subfield code="a">Newspapers.</subfield><subfield code="2">fast</subfield><subfield code="0">(OCoLC)fst01423814</subfield></datafield><datafield ind1=" " ind2="7" tag="651"><subfield code="a">Idaho</subfield><subfield code="z">Hailey.</subfield><subfield code="2">fast</subfield><subfield code="0">(OCoLC)fst01223629</subfield></datafield><datafield ind1=" " ind2=" " tag="752"><subfield code="a">United States</subfield><subfield code="b">Idaho</subfield><subfield code="c">Blaine</subfield><subfield code="d">Hailey.</subfield></datafield><datafield ind1=" " ind2=" " tag="752"><subfield code="a">United States</subfield><subfield code="b">Idaho</subfield><subfield code="c">Alturas</subfield><subfield code="d">Hailey.</subfield></datafield><datafield ind1="1" ind2=" " tag="775"><subfield code="t">Wood River news-miner (Hailey, Idaho : Weekly)</subfield><subfield code="w">(DLC)sn 86091177</subfield><subfield code="w">(OCoLC)13162320</subfield></datafield><datafield ind1="1" ind2=" " tag="775"><subfield code="t">Wood River weekly news-miner</subfield><subfield code="w">(DLC)sn 89055133</subfield></datafield><datafield ind1="0" ind2="0" tag="780"><subfield code="t">Wood River news-miner (Hailey, Idaho : Daily)</subfield><subfield code="w">(DLC)sn 89055137</subfield></datafield><datafield ind1="0" ind2="0" tag="785"><subfield code="t">Daily Wood River news-miner</subfield><subfield code="w">(DLC)sn 86091176</subfield><subfield code="w">(OCoLC)13161655</subfield></datafield></record>